<?xml version="1.0" encoding="UTF-8"?><record xmlns="http://www.loc.gov/MARC21/slim" xmlns:cinclude="http://apache.org/cocoon/include/1.0" xmlns:zs="http://www.loc.gov/zing/srw/">
  <leader>01186cz  a2200217n  4500</leader>
  <controlfield tag="001">n  88104043 </controlfield>
  <controlfield tag="003">DLC</controlfield>
  <controlfield tag="005">20141218084325.0</controlfield>
  <controlfield tag="008">880217n| acannaabn          |n aba      </controlfield>
  <datafield tag="010" ind1=" " ind2=" ">
    <subfield code="a">n  88104043 </subfield>
  </datafield>
  <datafield tag="035" ind1=" " ind2=" ">
    <subfield code="a">(OCoLC)oca02206124</subfield>
  </datafield>
  <datafield tag="040" ind1=" " ind2=" ">
    <subfield code="a">DLC</subfield>
    <subfield code="b">eng</subfield>
    <subfield code="c">DLC</subfield>
    <subfield code="d">DLC</subfield>
    <subfield code="d">OCoLC</subfield>
    <subfield code="d">DLC</subfield>
  </datafield>
  <datafield tag="100" ind1="1" ind2=" ">
    <subfield code="a">Scholz, Joachim</subfield>
  </datafield>
  <datafield tag="667" ind1=" " ind2=" ">
    <subfield code="a">THIS 1XX FIELD CANNOT BE USED UNDER RDA UNTIL THIS UNDIFFERENTIATED RECORD HAS BEEN HANDLED FOLLOWING THE GUIDELINES IN DCM Z1 008/32</subfield>
  </datafield>
  <datafield tag="667" ind1=" " ind2=" ">
    <subfield code="a">Note: usage of umlaut in surname varies. On bibliographic records follow usage on chief source in access points, although this may be different from usage in the heading on the name authority record.</subfield>
  </datafield>
  <datafield tag="670" ind1=" " ind2=" ">
    <subfield code="a">[Author of Wertwandel und Wirtschaftskultur]</subfield>
  </datafield>
  <datafield tag="670" ind1=" " ind2=" ">
    <subfield code="a">His Wertwandel und Wirtschaftskultur, c1987:</subfield>
    <subfield code="b">t.p. (Joachim Scholz)</subfield>
  </datafield>
  <datafield tag="670" ind1=" " ind2=" ">
    <subfield code="a">[Editor of Wehrstrafgesetz]</subfield>
  </datafield>
  <datafield tag="670" ind1=" " ind2=" ">
    <subfield code="a">Germany (Federal Republic, 1949- ). Laws, statutes, etc. Wehrstrafgesetz, 1975:</subfield>
    <subfield code="b">t.p. (Joachim Schölz)</subfield>
  </datafield>
  <datafield tag="670" ind1=" " ind2=" ">
    <subfield code="a">Germany (West). Wehrstrafgesetz, 1988:</subfield>
    <subfield code="b">t.p. (Joachim Schölz; obit; Ministerialrat a.D. im Bundesministerium der Justiz)</subfield>
  </datafield>
  <datafield tag="675" ind1=" " ind2=" ">
    <subfield code="a">Wer ist wer, 1985;</subfield>
    <subfield code="a">Kürsch. Gel. Kal., 1987;</subfield>
    <subfield code="a">WW Ger., 1980.</subfield>
  </datafield>
</record>